
@misc{noauthor_structure_nodate,
	title = {Structure · {An} {Introduction} to {Elm}},
	url = {https://guide.elm-lang.org/webapps/structure},
	urldate = {2024-10-05},
	file = {Structure · An Introduction to Elm:/home/davide/Zotero/storage/6KFG4IC7/structure.html:text/html},
}

@misc{noauthor_svelte_nodate,
	title = {Svelte components • {Docs} • {Svelte}},
	url = {https://svelte.dev/docs/svelte-components},
	abstract = {Svelte components • Svelte documentation},
	language = {en},
	urldate = {2024-10-05},
	file = {Snapshot:/home/davide/Zotero/storage/5VNC4ISU/svelte-components.html:text/html},
}

@misc{noauthor_elm_nodate,
	title = {The {Elm} {Architecture} · {An} {Introduction} to {Elm}},
	url = {https://guide.elm-lang.org/architecture/},
	urldate = {2024-10-06},
	file = {The Elm Architecture · An Introduction to Elm:/home/davide/Zotero/storage/SL54LP98/architecture.html:text/html},
}

@misc{noauthor_navigation_nodate,
	title = {Navigation · {An} {Introduction} to {Elm}},
	url = {https://guide.elm-lang.org/webapps/navigation},
	urldate = {2024-10-12},
	file = {Navigation · An Introduction to Elm:/home/davide/Zotero/storage/VWMGEQPT/navigation.html:text/html},
}

@misc{noauthor_window_nodate,
	title = {Window: {localStorage} property - {Web} {APIs} {\textbar} {MDN}},
	url = {https://developer.mozilla.org/en-US/docs/Web/API/Window/localStorage},
	urldate = {2024-10-12},
	file = {Window\: localStorage property - Web APIs | MDN:/home/davide/Zotero/storage/NFQNZNUY/localStorage.html:text/html},
}

@misc{noauthor_elm-localstorage_nodate,
	title = {elm-localstorage 1.0.1},
	url = {https://package.elm-lang.org/packages/lobanov/elm-localstorage/latest/},
	urldate = {2024-10-12},
	file = {elm-localstorage 1.0.1:/home/davide/Zotero/storage/8XXRAQ2M/latest.html:text/html},
}

@misc{noauthor_usage_nodate,
	title = {Usage {Statistics} of {JavaScript} as {Client}-side {Programming} {Language} on {Websites}, {October} 2024},
	url = {https://w3techs.com/technologies/details/cp-javascript},
	urldate = {2024-10-19},
	file = {Usage Statistics of JavaScript as Client-side Programming Language on Websites, October 2024:/home/davide/Zotero/storage/9CUCXBXW/cp-javascript.html:text/html},
}

@misc{noauthor_list_nodate,
	title = {List of languages that compile to {JS}},
	url = {https://github.com/jashkenas/coffeescript/wiki/List-of-languages-that-compile-to-JS},
	abstract = {Unfancy JavaScript. Contribute to jashkenas/coffeescript development by creating an account on GitHub.},
	language = {en},
	urldate = {2024-10-19},
	journal = {GitHub},
	file = {Snapshot:/home/davide/Zotero/storage/VS9NRT3L/List-of-languages-that-compile-to-JS.html:text/html},
}

@misc{noauthor_most_nodate,
	title = {Most used languages among software developers globally 2024},
	url = {https://www.statista.com/statistics/793628/worldwide-developer-survey-most-used-languages/},
	abstract = {As of 2024, JavaScript and HTML/CSS were the most commonly used programming languages among software developers around the world, with more than 62 percent of respondents stating that they used JavaScript and just around 53 percent using HTML/CSS.},
	language = {en},
	urldate = {2024-10-19},
	journal = {Statista},
	file = {Snapshot:/home/davide/Zotero/storage/56Q2SBQE/worldwide-developer-survey-most-used-languages.html:text/html},
}

@misc{noauthor_typescript_nodate,
	title = {{TypeScript} {Design} {Goals}},
	url = {https://github.com/microsoft/TypeScript/wiki/TypeScript-Design-Goals},
	abstract = {TypeScript is a superset of JavaScript that compiles to clean JavaScript output. - microsoft/TypeScript},
	language = {en},
	urldate = {2024-10-19},
	journal = {GitHub},
	file = {Snapshot:/home/davide/Zotero/storage/CXGLDU86/TypeScript-Design-Goals.html:text/html},
}

@misc{noauthor_custom_nodate,
	title = {Custom {Types} · {An} {Introduction} to {Elm}},
	url = {https://guide.elm-lang.org/types/custom_types},
	urldate = {2024-10-19},
	file = {Custom Types · An Introduction to Elm:/home/davide/Zotero/storage/729HFUUN/custom_types.html:text/html},
}
